<?xml version="1.0" encoding="UTF-8"?><collection xmlns="http://www.loc.gov/MARC21/slim"><record><leader>00524nam--2200181-i-4500</leader><controlfield tag="001">000017765</controlfield><controlfield tag="002">20161230</controlfield><controlfield tag="005">20170125142747</controlfield><controlfield tag="008">060222s1000------------r-----000-0-eng-d</controlfield><datafield ind1=" " ind2=" " tag="080"><subfield code="a">513.83</subfield></datafield><datafield ind1=" " ind2=" " tag="100"><subfield code="a">Adams, Robert A</subfield></datafield><datafield ind1=" " ind2=" " tag="245"><subfield code="a">Sobolev spaces</subfield></datafield><datafield ind1=" " ind2=" " tag="260"><subfield code="a">New York</subfield><subfield code="b">Academic Press</subfield><subfield code="c">1975</subfield></datafield><datafield ind1=" " ind2=" " tag="300"><subfield code="a">XVIII + 268 p</subfield></datafield><datafield ind1=" " ind2=" " tag="490"><subfield code="a">Pure And Applied Matematics. A Series Of Monographs And Textbooks. Editors Samuel Eilenberg And Hy</subfield><subfield code="v">vol. 65</subfield></datafield><datafield ind1=" " ind2=" " tag="700"><subfield code="a">Bass, Hyman</subfield></datafield><datafield ind1=" " ind2=" " tag="852"><subfield code="a">13669</subfield></datafield><datafield ind1=" " ind2=" " tag="CAT"><subfield code="a">SYS</subfield><subfield code="c">20170125</subfield><subfield code="h">142747</subfield></datafield></record></collection>